<record><leader>00000cas a22000007a 4500</leader><controlfield tag="001">14708543</controlfield><controlfield tag="008">861113d18531854iauwr ne      0    0eng d</controlfield><datafield ind1=" " ind2=" " tag="010"><subfield code="a">sn 86081994 </subfield></datafield><datafield ind1=" " ind2=" " tag="040"><subfield code="a">NPH</subfield><subfield code="b">eng</subfield><subfield code="c">NPH</subfield><subfield code="d">INP</subfield><subfield code="d">OCLCQ</subfield></datafield><datafield ind1=" " ind2=" " tag="042"><subfield code="a">msc</subfield></datafield><datafield ind1="0" ind2="4" tag="245"><subfield code="a">The Jackson County press.</subfield></datafield><datafield ind1="1" ind2="3" tag="246"><subfield code="a">Jackson press</subfield></datafield><datafield ind1=" " ind2=" " tag="260"><subfield code="a">Bellevue, Iowa :</subfield><subfield code="b">P. Moriarty,</subfield><subfield code="c">1853-</subfield></datafield><datafield ind1=" " ind2=" " tag="300"><subfield code="a">v.</subfield></datafield><datafield ind1=" " ind2=" " tag="310"><subfield code="a">Weekly</subfield></datafield><datafield ind1="0" ind2=" " tag="362"><subfield code="a">Vol. 1, no. 27 (June 8, 1853)-</subfield></datafield><datafield ind1="1" ind2=" " tag="362"><subfield code="a">Ceased in May 1854.</subfield><subfield code="z">Cf. Bibl. of Iowa newspapers.</subfield></datafield><datafield ind1=" " ind2=" " tag="500"><subfield code="a">"A weekly independent journal; devoted to literature, agriculture, mechanics, education, markets, etc."</subfield></datafield><datafield ind1=" " ind2=" " tag="752"><subfield code="a">United States</subfield><subfield code="b">Iowa</subfield><subfield code="c">Jackson</subfield><subfield code="d">Bellevue.</subfield></datafield><datafield ind1="0" ind2="0" tag="780"><subfield code="t">Jackson press</subfield><subfield code="w">(DLC)sn 85025818</subfield></datafield></record>